@misc{
    something,
    title = "blah",
    author = "someone",
    years = "2011"
}
@misc{
    ruby_spec,
    title = "blah",
    author = "someone",
    years = "2011"
}
@misc{
    condensed_matter_optics,
    title = "blah",
    author = "someone",
    years = "2011"
}
@misc{
    quantum_optics,
    title = "blah",
    author = "someone",
    years = "2011"
}